<record><leader>00000cas a22000007a 4500</leader><controlfield tag="001">14232374</controlfield><controlfield tag="008">860918d19281928txuuu ne      0    0eng d</controlfield><datafield ind1=" " ind2=" " tag="010"><subfield code="a">sn 86089291 </subfield></datafield><datafield ind1=" " ind2=" " tag="040"><subfield code="a">PPM</subfield><subfield code="b">eng</subfield><subfield code="c">PPM</subfield><subfield code="d">OCLCQ</subfield></datafield><datafield ind1=" " ind2=" " tag="042"><subfield code="a">msc</subfield></datafield><datafield ind1="0" ind2="4" tag="245"><subfield code="a">The Hoover herald.</subfield></datafield><datafield ind1=" " ind2=" " tag="260"><subfield code="a">Houston, Tex. :</subfield><subfield code="b">R.B. Morris [and] Jesse E. Moseley,</subfield><subfield code="c">1928-1928.</subfield></datafield><datafield ind1=" " ind2=" " tag="300"><subfield code="a">1 v. :</subfield><subfield code="b">ill. ;</subfield><subfield code="c">56 cm.</subfield></datafield><datafield ind1="0" ind2=" " tag="362"><subfield code="a">Vol. 1, no. 1 (Oct. 18, 1928)- v. 1, no. 2 ([Oct. 2?, 1928]).</subfield></datafield><datafield ind1=" " ind2=" " tag="752"><subfield code="a">United States</subfield><subfield code="b">Texas</subfield><subfield code="c">Harris</subfield><subfield code="d">Houston.</subfield></datafield></record>